<record xmlns:xsi="http://www.w3.org/2001/XMLSchema-instance" xmlns="http://www.loc.gov/MARC21/slim" xsi:schemaLocation="http://www.loc.gov/MARC21/slim http://www.loc.gov/standards/marcxml/schema/MARC21slim.xsd">

  <leader>00634nam a2200181Ia 4500</leader>
  <datafield tag="999" ind1=" " ind2=" ">
    <subfield code="c">723</subfield>
    <subfield code="d">723</subfield>
  </datafield>
  <controlfield tag="008">170518b2007    cr ||||| |||| 00| | spa d</controlfield>
  <datafield tag="020" ind1=" " ind2=" ">
    <subfield code="a">9789977730264</subfield>
  </datafield>
  <datafield tag="090" ind1=" " ind2=" ">
    <subfield code="a">05.03.04 </subfield>
    <subfield code="b">1538</subfield>
  </datafield>
  <datafield tag="110" ind2=" " ind1="1">
    <subfield code="a">Costa Rica. Ministerio de Planificación Nacional y Política Económica</subfield>
    <subfield code="9">2740</subfield>
  </datafield>
  <datafield tag="245" ind2="0" ind1="1">
    <subfield code="a">Índice de desarrollo social / </subfield>
    <subfield code="c">Costa Rica. Ministerio de Planificación Nacional y Política Económica</subfield>
  </datafield>
  <datafield ind1=" " ind2=" " tag="260">
    <subfield code="a">San José, Costa Rica : </subfield>
    <subfield code="b">MIDEPLAN, </subfield>
    <subfield code="c">2007</subfield>
  </datafield>
  <datafield ind2=" " ind1=" " tag="300">
    <subfield code="a">132 páginas</subfield>
  </datafield>
  <datafield tag="650" ind2="4" ind1="1">
    <subfield code="a">DESARROLLO SOCIAL </subfield>
    <subfield code="9">613</subfield>
  </datafield>
  <datafield ind2="4" ind1="1" tag="650">
    <subfield code="a">INDICADORES</subfield>
    <subfield code="9">2311</subfield>
  </datafield>
  <datafield tag="651" ind1=" " ind2="4">
    <subfield code="a">COSTA RICA</subfield>
    <subfield code="9">47</subfield>
  </datafield>
  <datafield tag="856" ind2=" " ind1=" ">
    <subfield code="a">www. mideplan.go.cr</subfield>
  </datafield>
  <datafield tag="942" ind1=" " ind2=" ">
    <subfield code="2">z</subfield>
    <subfield code="c">01</subfield>
  </datafield>
</record>